<?xml version="1.0" encoding="UTF-8"?><collection xmlns="http://www.loc.gov/MARC21/slim"><record><leader>00407nam--2200121-i-4500</leader><controlfield tag="001">000018741</controlfield><controlfield tag="002">20161230</controlfield><controlfield tag="005">20161230201032</controlfield><controlfield tag="008">060222s1000------------r-----000-0-eng-d</controlfield><datafield ind1=" " ind2=" " tag="245"><subfield code="a">Consumer-packaged frozen foods.suggested directions for processing, storage and distribution</subfield></datafield><datafield ind1=" " ind2=" " tag="260"><subfield code="a">Copenhagen, Danish Acad.Of Techn.Sci., 1962. 53 P. + 4 Fig</subfield></datafield><datafield ind1=" " ind2=" " tag="490"><subfield code="a">Acta Polytechnica Scandinavica.Ch-20</subfield></datafield><datafield ind1=" " ind2=" " tag="852"><subfield code="a">6362</subfield></datafield></record></collection>